<?xml version="1.0" encoding="UTF-8"?><collection xmlns="http://www.loc.gov/MARC21/slim"><record><leader>00437nam--2200145-i-4500</leader><controlfield tag="001">000041550</controlfield><controlfield tag="002">20161230</controlfield><controlfield tag="005">20161230201043</controlfield><controlfield tag="008">060222s1000------------r-----000-0-eng-d</controlfield><datafield ind1=" " ind2=" " tag="080"><subfield code="a">621.375.82:621.375-826</subfield></datafield><datafield ind1=" " ind2=" " tag="100"><subfield code="a">Siegman,A.E</subfield></datafield><datafield ind1=" " ind2=" " tag="245"><subfield code="a">An introductiion to lasers and masers</subfield></datafield><datafield ind1=" " ind2=" " tag="260"><subfield code="a">New York, Mcgraw-hill Book Comp.,1971. Xiii + 520 P</subfield></datafield><datafield ind1=" " ind2=" " tag="490"><subfield code="a">Mcgraw-hill Series In The Fundamentals Of Electronic Science</subfield></datafield><datafield ind1=" " ind2=" " tag="852"><subfield code="a">35242</subfield></datafield></record></collection>